<collection xmlns="http://www.loc.gov/MARC21/slim">
<record>
  <leader>01853nam0a2200277 i 450 </leader>
  <controlfield tag="001">IT\ICCU\CNCE\015599</controlfield>
  <controlfield tag="005">20071003000000.0</controlfield>
  <datafield tag="012" ind1=" " ind2=" ">
    <subfield code="a">a-ut i.l- j.c- ui*I (3) 1590 (R)</subfield>
    <subfield code="2">fei</subfield>
  </datafield>
  <datafield tag="100" ind1=" " ind2=" ">
    <subfield code="a">19970101d1590        0itac0103    ba</subfield>
  </datafield>
  <datafield tag="101" ind1=" " ind2=" ">
    <subfield code="a">ITA</subfield>
  </datafield>
  <datafield tag="102" ind1=" " ind2=" ">
    <subfield code="a">IT</subfield>
  </datafield>
  <datafield tag="200" ind1="1" ind2=" ">
    <subfield code="a">Libro dell&apos;indulgenze, gratie, e stationi che sono in Roma, concesse alla Confraternita dell&apos;Immaculata Concettione, posta nella chiesa di San Francesco di Correggio ... per esser vnita con l&apos;Archiconfraternit ̉della Concettione posta nella chiesa di S. Lorenzo &amp; Damaso di Roma</subfield>
  </datafield>
  <datafield tag="210" ind1=" " ind2=" ">
    <subfield code="a">Stampata in Venetia</subfield>
    <subfield code="d">et ristampata in Mantoa</subfield>
    <subfield code="c">per Giacomo Ruffinello</subfield>
    <subfield code="d">1590</subfield>
  </datafield>
  <datafield tag="215" ind1=" " ind2=" ">
    <subfield code="a">54, \1! p.</subfield>
    <subfield code="d">8ʻ</subfield>
  </datafield>
  <datafield tag="620" ind1=" " ind2=" ">
    <subfield code="a">IT</subfield>
    <subfield code="d">Mantova</subfield>
  </datafield>
  <datafield tag="710" ind1="0" ind2="2">
    <subfield code="a">Confraternita dell&apos;Immacolata Concezione in S. Francesco</subfield>
    <subfield code="c"> &lt;Correggio&gt;</subfield>
    <subfield code="3">IT\ICCU\CNCT\004123</subfield>
  </datafield>
  <datafield tag="712" ind1="0" ind2="2">
    <subfield code="a">Arciconfraternita della SS. Concezione in S. Lorenzo in Damaso</subfield>
    <subfield code="c"> &lt;Roma&gt;</subfield>
    <subfield code="3">3266</subfield>
  </datafield>
  <datafield tag="712" ind1="0" ind2="0">
    <subfield code="a">Ruffinelli, Giacomo</subfield>
    <subfield code="3">IT\ICCU\CNCT\000138</subfield>
    <subfield code="4">650</subfield>
  </datafield>
  <datafield tag="791" ind1="0" ind2="2">
    <subfield code="a">Archiconfraternita della Concezione della Madonna in S. Lorenzo in Damaso</subfield>
    <subfield code="c"> &lt;Roma&gt;</subfield>
    <subfield code="3">IT\ICCU\CNCT\004155</subfield>
    <subfield code="z">Arciconfraternita della SS. Concezione in S. Lorenzo in Damaso &lt;Roma&gt;</subfield>
  </datafield>
  <datafield tag="791" ind1="0" ind2="2">
    <subfield code="a">Archiconfraternitas Conceptionis Gloriosissimae et Immaculatae Virginis Mariae SS.Laurentii et Damasi in Vrbe</subfield>
    <subfield code="3">IT\ICCU\CNCT\004156</subfield>
    <subfield code="z">Arciconfraternita della SS. Concezione in S. Lorenzo in Damaso &lt;Roma&gt;</subfield>
  </datafield>
  <datafield tag="791" ind1="0" ind2="2">
    <subfield code="a">Archiconfraternita della Concettione</subfield>
    <subfield code="c"> &lt;Roma&gt;</subfield>
    <subfield code="3">15422</subfield>
    <subfield code="z">Arciconfraternita della SS. Concezione in S. Lorenzo in Damaso &lt;Roma&gt;</subfield>
  </datafield>
  <datafield tag="791" ind1="0" ind2="0">
    <subfield code="a">Roffinello, Giacomo</subfield>
    <subfield code="3">IT\ICCU\CNCT\002579</subfield>
    <subfield code="z">Ruffinelli, Giacomo</subfield>
  </datafield>
  <datafield tag="791" ind1="0" ind2="0">
    <subfield code="a">Ruffinello, Giacomo</subfield>
    <subfield code="3">IT\ICCU\CNCT\005430</subfield>
    <subfield code="z">Ruffinelli, Giacomo</subfield>
  </datafield>
  <datafield tag="791" ind1="0" ind2="0">
    <subfield code="a">Ruffinellus, Iacobus</subfield>
    <subfield code="3">IT\ICCU\CNCT\005433</subfield>
    <subfield code="z">Ruffinelli, Giacomo</subfield>
  </datafield>
  <datafield tag="801" ind1=" " ind2="3">
    <subfield code="a">IT</subfield>
    <subfield code="b">ICCU</subfield>
    <subfield code="c">20201114</subfield>
  </datafield>
  <datafield tag="899" ind1=" " ind2=" ">
    <subfield code="a">Biblioteca provinciale dei frati minori cappuccini. Bologna</subfield>
    <subfield code="1">BO0342</subfield>
    <subfield code="2">PBE 94</subfield>
  </datafield>
</record>
</collection>
